<?xml version="1.0" encoding="UTF-8"?><collection xmlns="http://www.loc.gov/MARC21/slim"><record><leader>00362nam--2200145-i-4500</leader><controlfield tag="001">000014913</controlfield><controlfield tag="002">20161230</controlfield><controlfield tag="005">20170225102915</controlfield><controlfield tag="008">060222s1000------------r-----000-0-eng-d</controlfield><datafield ind1=" " ind2=" " tag="100"><subfield code="a">Solla Price, Derek, J. de</subfield></datafield><datafield ind1=" " ind2=" " tag="245"><subfield code="a">Stiinta mica, stiinta mare</subfield></datafield><datafield ind1=" " ind2=" " tag="260"><subfield code="a">Bucuresti</subfield><subfield code="b">Ed.Stiintifica</subfield><subfield code="c">1971</subfield></datafield><datafield ind1=" " ind2=" " tag="300"><subfield code="a">202 p</subfield></datafield><datafield ind1=" " ind2=" " tag="852"><subfield code="a">001</subfield></datafield><datafield ind1=" " ind2=" " tag="CAT"><subfield code="a">SYS</subfield><subfield code="c">20170225</subfield><subfield code="h">102915</subfield></datafield></record></collection>